<record><leader>00000cas a22000007a 4500</leader><controlfield tag="001">15585069</controlfield><controlfield tag="008">870424d18721873iaudn ne      0    0eng d</controlfield><datafield ind1=" " ind2=" " tag="010"><subfield code="a">sn 87057129 </subfield></datafield><datafield ind1=" " ind2=" " tag="040"><subfield code="a">INP</subfield><subfield code="b">eng</subfield><subfield code="c">INP</subfield><subfield code="d">OCLCQ</subfield></datafield><datafield ind1=" " ind2=" " tag="042"><subfield code="a">msc</subfield></datafield><datafield ind1="0" ind2=" " tag="130"><subfield code="a">Iowa state leader (Des Moines, Iowa : 1872)</subfield></datafield><datafield ind1="1" ind2="0" tag="245"><subfield code="a">Iowa state leader.</subfield></datafield><datafield ind1="1" ind2="3" tag="246"><subfield code="a">State leader</subfield></datafield><datafield ind1=" " ind2=" " tag="250"><subfield code="a">[Daily ed.].</subfield></datafield><datafield ind1=" " ind2=" " tag="260"><subfield code="a">Des Moines, Iowa :</subfield><subfield code="b">W.W. Witmer,</subfield><subfield code="c">1872-1873.</subfield></datafield><datafield ind1=" " ind2=" " tag="300"><subfield code="a">v.</subfield></datafield><datafield ind1=" " ind2=" " tag="310"><subfield code="a">Daily (except Sunday)</subfield></datafield><datafield ind1="0" ind2=" " tag="362"><subfield code="a">Dec. 31, 1872-Apr. 7, 1873.</subfield></datafield><datafield ind1=" " ind2=" " tag="752"><subfield code="a">United States</subfield><subfield code="b">Iowa</subfield><subfield code="c">Polk</subfield><subfield code="d">Des Moines.</subfield></datafield><datafield ind1="1" ind2=" " tag="775"><subfield code="t">Iowa state leader (Des Moines, Iowa : 1872)</subfield><subfield code="w">(DLC)sn 82014473</subfield></datafield><datafield ind1="0" ind2="0" tag="780"><subfield code="t">Daily state leader</subfield><subfield code="w">(DLC)sn 87057203</subfield></datafield><datafield ind1="0" ind2="0" tag="785"><subfield code="t">Daily Iowa state leader</subfield><subfield code="w">(DLC)sn 84027109</subfield></datafield></record>